
@inproceedings{
  hawthorne2018enabling,
  title={Enabling Factorized Piano Music Modeling and Generation with the {MAESTRO} Dataset},
  author={Curtis Hawthorne and Andriy Stasyuk and Adam Roberts and Ian Simon and Cheng-Zhi Anna Huang and Sander Dieleman and Erich Elsen and Jesse Engel and Douglas Eck},
  booktitle={International Conference on Learning Representations},
  year={2019},
  url={https://openreview.net/forum?id=r1lYRjC9F7},
}

@misc{SCORESET,
  author       = {Vishakh Begari},
  title        = {SCORE-SET},
  howpublished = {\url{https://github.com/DjentleViBe/SCORE-SET}},
  year         = {2025},
  note         = {Accessed: 2025-07-11}
}

@INPROCEEDINGS{7952261,
  author={Gemmeke, Jort F. and Ellis, Daniel P. W. and Freedman, Dylan and Jansen, Aren and Lawrence, Wade and Moore, R. Channing and Plakal, Manoj and Ritter, Marvin},
  booktitle={2017 IEEE International Conference on Acoustics, Speech and Signal Processing (ICASSP)}, 
  title={Audio Set: An ontology and human-labeled dataset for audio events}, 
  year={2017},
  volume={},
  number={},
  pages={776-780},
  keywords={Ontologies;Birds;Music;Taxonomy;Labeling;Audio event detection;sound ontology;audio databases;data collection},
  doi={10.1109/ICASSP.2017.7952261}}

@misc{thickstun2017learningfeaturesmusicscratch,
      title={Learning Features of Music from Scratch}, 
      author={John Thickstun and Zaid Harchaoui and Sham Kakade},
      year={2017},
      eprint={1611.09827},
      archivePrefix={arXiv},
      primaryClass={stat.ML},
      url={https://arxiv.org/abs/1611.09827}, 
}

@inproceedings{bertinmahieux-2011-million,
  author    = {Thierry Bertin{-}Mahieux and
               Daniel P. W. Ellis and
               Brian Whitman and
               Paul Lamere},
  editor    = {Anssi Klapuri and
               Colby Leider},
  title     = {The Million Song Dataset},
  booktitle = {Proceedings of the 12th International Society for Music Information
               Retrieval Conference, {ISMIR} 2011, Miami, Florida, USA, October 24-28,
               2011},
  pages     = {591--596},
  publisher = {University of Miami},
  year      = {2011},
  url       = {http://ismir2011.ismir.net/papers/OS6-1.pdf},
  timestamp = {Thu, 12 Mar 2020 11:32:44 +0100},
  biburl    = {https://dblp.org/rec/conf/ismir/Bertin-MahieuxEWL11.bib},
  bibsource = {dblp computer science bibliography, https://dblp.org}
}

@misc{peracha2022jsfakechoralessynthetic,
      title={JS Fake Chorales: a Synthetic Dataset of Polyphonic Music with Human Annotation}, 
      author={Omar Peracha},
      year={2022},
      eprint={2107.10388},
      archivePrefix={arXiv},
      primaryClass={cs.SD},
      url={https://arxiv.org/abs/2107.10388}, 
}

@misc{bradshaw2025ariamididatasetpianomidi,
      title={Aria-MIDI: A Dataset of Piano MIDI Files for Symbolic Music Modeling}, 
      author={Louis Bradshaw and Simon Colton},
      year={2025},
      eprint={2504.15071},
      archivePrefix={arXiv},
      primaryClass={cs.SD},
      url={https://arxiv.org/abs/2504.15071}, 
}

@misc{kong2022giantmidipianolargescalemididataset,
      title={GiantMIDI-Piano: A large-scale MIDI dataset for classical piano music}, 
      author={Qiuqiang Kong and Bochen Li and Jitong Chen and Yuxuan Wang},
      year={2022},
      eprint={2010.07061},
      archivePrefix={arXiv},
      primaryClass={cs.IR},
      url={https://arxiv.org/abs/2010.07061}, 
}
